<?xml version="1.0" encoding="UTF-8"?>
<record xmlns="http://www.loc.gov/MARC21/slim" xmlns:xsi="http://www.w3.org/2001/XMLSchema-instance" xsi:schemaLocation="http://www.loc.gov/MARC21/slim http://www.loc.gov/standards/marcxml/schema/MARC21slim.xsd">
<leader>00000cam a22      a 4500</leader>
<controlfield tag="001">002049858</controlfield>
<controlfield tag="003">NNU</controlfield>
<controlfield tag="005">20141110183153.0</controlfield>
<controlfield tag="008">930104s1923    le            000 0 ara d</controlfield>
<datafield tag="035" ind1=" " ind2=" ">
<subfield code="a">(OCoLC)81757887</subfield>
</datafield>
<datafield tag="040" ind1=" " ind2=" ">
<subfield code="a">NNU</subfield>
<subfield code="b">eng</subfield>
<subfield code="c">ZYU</subfield>
<subfield code="d">OCLCG</subfield>
<subfield code="d">TEF</subfield>
<subfield code="d">CGU</subfield>
<subfield code="d">OCLCQ</subfield>
<subfield code="d">OCLCF</subfield>
</datafield>
<datafield tag="041" ind1="1" ind2=" ">
<subfield code="a">ara</subfield>
<subfield code="h">per</subfield>
</datafield>
<datafield tag="050" ind1=" " ind2="4">
<subfield code="a">PJ7741</subfield>
<subfield code="b">.B5 1923</subfield>
</datafield>
<datafield tag="130" ind1="0" ind2=" ">
<subfield code="a">Kalīlah wa-Dimnah</subfield>
<subfield code="6">880-01</subfield>
</datafield>
<datafield tag="245" ind1="1" ind2="0">
<subfield code="6">880-02</subfield>
<subfield code="a">Aqdam nuskhah makhṭūṭah muʼarrakhah li-kitāb Kalīlah wa-Dimnah /</subfield>
<subfield code="c">ʻuniya bi-nashrihā Lūwīs Shaykhū.</subfield>
</datafield>
<datafield tag="250" ind1=" " ind2=" ">
<subfield code="6">880-03</subfield>
<subfield code="a">Ṭabʻah 2., muṣaḥḥaḥah.</subfield>
</datafield>
<datafield tag="260" ind1=" " ind2=" ">
<subfield code="6">880-04</subfield>
<subfield code="a">Beirut :</subfield>
<subfield code="b">Imprimerie catholique,</subfield>
<subfield code="c">1923.</subfield>
</datafield>
<datafield tag="300" ind1=" " ind2=" ">
<subfield code="a">290, 76 pages ;</subfield>
<subfield code="c">24 cm</subfield>
</datafield>
<datafield tag="336" ind1=" " ind2=" ">
<subfield code="a">text</subfield>
<subfield code="b">txt</subfield>
<subfield code="2">rdacontent</subfield>
</datafield>
<datafield tag="337" ind1=" " ind2=" ">
<subfield code="a">unmediated</subfield>
<subfield code="b">n</subfield>
<subfield code="2">rdamedia</subfield>
</datafield>
<datafield tag="338" ind1=" " ind2=" ">
<subfield code="a">volume</subfield>
<subfield code="b">nc</subfield>
<subfield code="2">rdacarrier</subfield>
</datafield>
<datafield tag="500" ind1=" " ind2=" ">
<subfield code="a">Text in Arabic; preface and notes in French.</subfield>
</datafield>
<datafield tag="500" ind1=" " ind2=" ">
<subfield code="a">Translated from Persian by Ibn al-Muqaffaʻ.</subfield>
</datafield>
<datafield tag="500" ind1=" " ind2=" ">
<subfield code="a">Title on added title page: La version arabe de Kalîlah et Dimnah.</subfield>
</datafield>
<datafield tag="500" ind1=" " ind2=" ">
<subfield code="a">"Accompagnée par Zu Kalila wa Dimna von Theodor Nöldeke, ein kritischer Beitrag."</subfield>
</datafield>
<datafield tag="630" ind1="0" ind2="0">
<subfield code="a">Kalīlah wa-Dimnah.</subfield>
</datafield>
<datafield tag="630" ind1="0" ind2="7">
<subfield code="a">Kalīlah wa-Dimnah.</subfield>
<subfield code="2">fast</subfield>
<subfield code="0">(OCoLC)fst01358757</subfield>
</datafield>
<datafield tag="700" ind1="1" ind2=" ">
<subfield code="a">Cheikho, Louis,</subfield>
<subfield code="d">1859-1927</subfield>
<subfield code="6">880-05</subfield>
</datafield>
<datafield tag="700" ind1="0" ind2=" ">
<subfield code="6">880-06</subfield>
<subfield code="a">Ibn al-Muqaffaʻ,</subfield>
<subfield code="d">-c. 760.</subfield>
</datafield>
<datafield tag="700" ind1="1" ind2="2">
<subfield code="a">Nöldeke, Theodor,</subfield>
<subfield code="d">1836-1930.</subfield>
<subfield code="t">Zu Kalīla waDimna.</subfield>
</datafield>
<datafield tag="740" ind1="0" ind2=" ">
<subfield code="a">Version arabe de Kalîlah et Dimnah.</subfield>
</datafield>
<datafield tag="880" ind1="0" ind2=" ">
<subfield code="6">130-01/</subfield>
<subfield code="a">كليلة و دمنة.</subfield>
</datafield>
<datafield tag="880" ind1="1" ind2="0">
<subfield code="6">245-02/</subfield>
<subfield code="a">ٱقدم نسخة مخطوطة مؤرخة لكتاب كليلة و دمنة /</subfield>
<subfield code="c">عني بنشرها لويس شيخو اليسوعي.</subfield>
</datafield>
<datafield tag="880" ind1=" " ind2=" ">
<subfield code="6">250-03/</subfield>
<subfield code="a">طبعة ٢، مصححة.</subfield>
</datafield>
<datafield tag="880" ind1=" " ind2=" ">
<subfield code="6">260-04/</subfield>
<subfield code="a">بيروت :</subfield>
<subfield code="b">مطبعة الآباء اليسوعيين،</subfield>
<subfield code="c">1923.</subfield>
</datafield>
<datafield tag="880" ind1="1" ind2=" ">
<subfield code="6">700-05/</subfield>
<subfield code="a">شيخو، لويس.</subfield>
</datafield>
<datafield tag="880" ind1="0" ind2=" ">
<subfield code="6">700-06/</subfield>
<subfield code="a">إبن المقفع.</subfield>
</datafield>
<datafield tag="OWN" ind1=" " ind2=" ">
<subfield code="a">GENERAL</subfield>
</datafield>
<datafield tag="AVA" ind1=" " ind2=" ">
<subfield code="a">NYU50</subfield>
<subfield code="b">BOBST</subfield>
<subfield code="c">Main Collection</subfield>
<subfield code="d">PJ7741 .B5 1923</subfield>
<subfield code="e">unavailable</subfield>
<subfield code="t">Unavailable</subfield>
<subfield code="f">1</subfield>
<subfield code="g">1</subfield>
<subfield code="h">N</subfield>
<subfield code="i">2</subfield>
<subfield code="j">MAIN</subfield>
<subfield code="k">0</subfield>
</datafield>
</record>
